@article{QFT_Math,
   title={Quantum arithmetic with the quantum Fourier transform},
   volume={16},
   ISSN={1573-1332},
   url={http://dx.doi.org/10.1007/s11128-017-1603-1},
   DOI={10.1007/s11128-017-1603-1},
   number={6},
   journal={Quantum Information Processing},
   publisher={Springer Science and Business Media LLC},
   author={Ruiz-Perez, Lidia and Garcia-Escartin, Juan Carlos},
   year={2017},
   month=apr }
@article{FSN,
   title={Quantum Simulation of Electronic Structure with Linear Depth and Connectivity},
   volume={120},
   ISSN={1079-7114},
   url={http://dx.doi.org/10.1103/PhysRevLett.120.110501},
   DOI={10.1103/physrevlett.120.110501},
   number={11},
   journal={Physical Review Letters},
   publisher={American Physical Society (APS)},
   author={Kivlichan, Ian D. and McClean, Jarrod and Wiebe, Nathan and Gidney, Craig and Aspuru-Guzik, Alán and Chan, Garnet Kin-Lic and Babbush, Ryan},
   year={2018},
   month=mar }
@article{QDRIFT,
   title={Random Compiler for Fast Hamiltonian Simulation},
   volume={123},
   ISSN={1079-7114},
   url={http://dx.doi.org/10.1103/PhysRevLett.123.070503},
   DOI={10.1103/physrevlett.123.070503},
   number={7},
   journal={Physical Review Letters},
   publisher={American Physical Society (APS)},
   author={Campbell, Earl},
   year={2019},
   month=aug }
@article{QCC,
   title={Quantum computational chemistry},
   volume={92},
   ISSN={1539-0756},
   url={http://dx.doi.org/10.1103/RevModPhys.92.015003},
   DOI={10.1103/revmodphys.92.015003},
   number={1},
   journal={Reviews of Modern Physics},
   publisher={American Physical Society (APS)},
   author={McArdle, Sam and Endo, Suguru and Aspuru-Guzik, Alán and Benjamin, Simon C. and Yuan, Xiao},
   year={2020},
   month=mar }
@article{DF,
   title={Quantum computing enhanced computational catalysis},
   volume={3},
   ISSN={2643-1564},
   url={http://dx.doi.org/10.1103/PhysRevResearch.3.033055},
   DOI={10.1103/physrevresearch.3.033055},
   number={3},
   journal={Physical Review Research},
   publisher={American Physical Society (APS)},
   author={von Burg, Vera and Low, Guang Hao and Häner, Thomas and Steiger, Damian S. and Reiher, Markus and Roetteler, Martin and Troyer, Matthias},
   year={2021},
   month=jul }
@article{FQE,
   title={The Fermionic Quantum Emulator},
   volume={5},
   ISSN={2521-327X},
   url={http://dx.doi.org/10.22331/q-2021-10-27-568},
   DOI={10.22331/q-2021-10-27-568},
   journal={Quantum},
   publisher={Verein zur Forderung des Open Access Publizierens in den Quantenwissenschaften},
   author={Rubin, Nicholas C. and Gunst, Klaas and White, Alec and Freitag, Leon and Throssell, Kyle and Chan, Garnet Kin-Lic and Babbush, Ryan and Shiozaki, Toru},
   year={2021},
   month=oct, pages={568} }
@misc{QFT_Math_Fast,
      title={Fast quantum integer multiplication with zero ancillas}, 
      author={Gregory D. Kahanamoku-Meyer and Norman Y. Yao},
      year={2024},
      eprint={2403.18006},
      archivePrefix={arXiv},
      primaryClass={quant-ph},
      url={https://arxiv.org/abs/2403.18006}, 
}